<?xml version="1.0" encoding="utf-8"?>
<record xmlns="http://www.loc.gov/MARC21/slim" xmlns:xsi="http://www.w3.org/2001/XMLSchema-instance" xsi:schemaLocation="http://www.loc.gov/MARC21/slim http://www.loc.gov/standards/marcxml/schema/MARC21slim.xsd">
	<leader>     nam a22     Mi 4500</leader>
	<controlfield tag="001">b12468460</controlfield>
	<controlfield tag="003">LeBAU</controlfield>
	<controlfield tag="006">m        d        </controlfield>
	<controlfield tag="007">cr cn |||m|||a</controlfield>
	<controlfield tag="008">210702s1932    iq      o     000 0 ara  </controlfield>
	<datafield ind1=" " ind2=" " tag="040">
		<subfield code="a">ZYU</subfield>
		<subfield code="b">ara</subfield>
		<subfield code="e">rda</subfield>
		<subfield code="c">ZYU</subfield>
	</datafield>
	<datafield ind1="0" ind2="4" tag="082">
		<subfield code="a">379.567</subfield>
		<subfield code="2">23</subfield>
	</datafield>
	<datafield ind1="1" ind2=" " tag="110">
		<subfield code="6">880-01</subfield>
		<subfield code="a">Iraq.</subfield>
		<subfield code="b">Wizārat al-Maʻārif.</subfield>
		<subfield code="e">issuing body.</subfield>
		<subfield code="0">https://lccn.loc.gov/n82020707 ,</subfield>
	</datafield>
	<datafield ind1="1" ind2="0" tag="245">
		<subfield code="6">880-02</subfield>
		<subfield code="a">Taqrīr Lajnat al-Kashf al-Tahdhībī /</subfield>
		<subfield code="c">muḥarir al-taqrīr wa-Mudīr Lajnat al-Kashf Būl Mūnrū, raʼīs al-Maʻhad al-Umamī, Kullīyat al-Muʻallimīn fī Jāmiʻat Kūlūmbiyā.</subfield>
	</datafield>
	<datafield ind1=" " ind2="1" tag="264">
		<subfield code="6">880-03</subfield>
		<subfield code="a">Baghdād :</subfield>
		<subfield code="b">Maṭbaʻat al-Ḥukūmah,</subfield>
		<subfield code="c">1932.</subfield>
	</datafield>
	<datafield ind1=" " ind2=" " tag="300">
		<subfield code="6">880-04</subfield>
		<subfield code="a">online resource (176 pages)</subfield>
	</datafield>
	<datafield ind1=" " ind2=" " tag="336">
		<subfield code="a">text</subfield>
		<subfield code="2">rdacontent</subfield>
	</datafield>
	<datafield ind1=" " ind2=" " tag="337">
		<subfield code="a">computer</subfield>
		<subfield code="2">rdamedia</subfield>
	</datafield>
	<datafield ind1=" " ind2=" " tag="338">
		<subfield code="a">online resource</subfield>
		<subfield code="2">rdacarrier</subfield>
	</datafield>
	<datafield ind1=" " ind2=" " tag="500">
		<subfield code="a">Part of the Arabic Collections Online (ACO) project, contributed by American University of Beirut's Jafet Memorial Library.</subfield>
	</datafield>
	<datafield ind1=" " ind2=" " tag="533">
		<subfield code="a">Electronic reproduction.</subfield>
		<subfield code="b">New York, N.Y. :</subfield>
		<subfield code="c">New York University,</subfield>
		<subfield code="d">2021.</subfield>
		<subfield code="5">NNU</subfield>
	</datafield>
	<datafield ind1=" " ind2="4" tag="650">
		<subfield code="a">التربية</subfield>
		<subfield code="z">العراق.</subfield>
	</datafield>
	<datafield ind1=" " ind2="0" tag="650">
		<subfield code="a">Education</subfield>
		<subfield code="z">Iraq</subfield>
	</datafield>
	<datafield ind1="1" ind2=" " tag="700">
		<subfield code="6">880-05</subfield>
		<subfield code="a">Monroe, Paul,</subfield>
		<subfield code="d">1869-1947,</subfield>
		<subfield code="e">editor.</subfield>
	</datafield>
	<datafield ind1="2" ind2=" " tag="710">
		<subfield code="a">Jafet Memorial Library.</subfield>
	</datafield>
	<datafield ind1="0" ind2=" " tag="730">
		<subfield code="a">Arabic Collections Online.</subfield>
	</datafield>
	<datafield ind1="0" ind2="8" tag="776">
		<subfield code="i">Print version:</subfield>
		<subfield code="a">Iraq. Wizārat al-Maʻārif. issuing body. https://lccn.loc.gov/n82020707 ,</subfield>
		<subfield code="t">Taqrīr Lajnat al-Kashf al-Tahdhībī</subfield>
		<subfield code="w">(LeBAU)b12468460</subfield>
	</datafield>
	<datafield ind1="0" ind2="8" tag="787">
		<subfield code="6">880-06</subfield>
		<subfield code="i">is critiqued in (work)</subfield>
		<subfield code="4">http://rdaregistry.info/Elements/w/P10115 :</subfield>
		<subfield code="a">Ḥuṣrī, Abū Khaldūn Sāṭiʻ, 1881-1968.</subfield>
		<subfield code="t">Naqd taqrīr Lajnat Mūnrū : rasāʼil muwajjahah ilá al-Ustādh Būl Mūnrū ḥawla al-taqrīr alladhī qaddamahu ilá Wizārat al-Maʻārif al-ʻIrāqīyah bi-ism Lajnat al-Kashf al-Tahdhībī.</subfield>
		<subfield code="d">Baghdād : Maṭbaʻat al-Najāḥ, 1932</subfield>
		<subfield code="w">(OCoLC)784330632</subfield>
		<subfield code="w">(OCoLC)784330632</subfield>
	</datafield>
	<datafield ind1="4" ind2="0" tag="856">
		<subfield code="u">http://hdl.handle.net/2333.1/xksn0dh6</subfield>
	</datafield>
	<datafield ind1="1" ind2=" " tag="880">
		<subfield code="6">110-01</subfield>
		<subfield code="a">العراق.</subfield>
		<subfield code="b">وزارة المعارف،</subfield>
		<subfield code="0">https://lccn.loc.gov/n82020707 ,</subfield>
		<subfield code="e">هيئة اصدار.</subfield>
		<subfield code="4">isb.</subfield>
	</datafield>
	<datafield ind1="1" ind2="0" tag="880">
		<subfield code="6">245-02</subfield>
		<subfield code="a">تقرير لجنة الكشف التهذيبي /</subfield>
		<subfield code="c">محرر التقرير ومدير لجنة الكشف بول مونرو، رئيس المعهد الاممي، كلية المعلمين في جامعة كولومبيا.</subfield>
	</datafield>
	<datafield ind1=" " ind2="1" tag="880">
		<subfield code="6">264-03</subfield>
		<subfield code="a">بغداد :</subfield>
		<subfield code="b">مطبعة الحكومة،</subfield>
		<subfield code="c">1932.</subfield>
	</datafield>
	<datafield ind1=" " ind2=" " tag="880">
		<subfield code="6">300-04</subfield>
		<subfield code="a">176 صفحة ؛</subfield>
		<subfield code="c">24 سم</subfield>
	</datafield>
	<datafield ind1="1" ind2=" " tag="880">
		<subfield code="6">700-05</subfield>
		<subfield code="a">مونرو، بول،</subfield>
		<subfield code="d">1869-1947،</subfield>
		<subfield code="e">محرر.</subfield>
		<subfield code="4">edt.</subfield>
	</datafield>
	<datafield ind1="0" ind2="8" tag="880">
		<subfield code="6">787-06</subfield>
		<subfield code="i">منتقد في (عمل)</subfield>
		<subfield code="4">http://rdaregistry.info/Elements/w/P10115 :</subfield>
		<subfield code="a">الحصري، ابو خلدون ساطع، 1881-1968.</subfield>
		<subfield code="t">نقد تقرير لجنة مونرو : رسائل موجهة الى الاستاذ بول مونرو حول التقرير الذي قدمه الى وزارة المعارف العراقية باسم لجنة الكشف التهذيبي.</subfield>
		<subfield code="d">بغداد : مطبعة النجاح، 1932</subfield>
		<subfield code="w">(LEAUB)b12468447</subfield>
		<subfield code="w">(OCoLC)784330632</subfield>
	</datafield>
	<datafield ind1=" " ind2=" " tag="959">
		<subfield code="a">NNU</subfield>
		<subfield code="b">WEB</subfield>
		<subfield code="c">GENI</subfield>
		<subfield code="t">0</subfield>
		<subfield code="m">Electronic access</subfield>
		<subfield code="s">01</subfield>
	</datafield>
	<datafield ind1=" " ind2=" " tag="999">
		<subfield code="i">LeBAU_b12468460</subfield>
		<subfield code="s">aub_aco004258</subfield>
		<subfield code="e">(ERROR-MISC)</subfield>
		<subfield code="s">aub_aco004258</subfield>
	</datafield>
</record>
